@inproceedings{act_lrelu,
  title={Rectifier nonlinearities improve neural network acoustic models},
  author={Maas, Andrew L and Hannun, Awni Y and Ng, Andrew Y},
  booktitle={Proc. ICML},
  volume={30},
  number={1},
  year={2013}
}

@inproceedings{act_relu,
  title={Rectified linear units improve restricted {Boltzmann} machines},
  author={Nair, Vinod and Hinton, Geoffrey E},
  booktitle={Proc ICML},
  pages={807--814},
  year={2010}
}

@article{act_elu,
  title={Fast and accurate deep network learning by exponential linear units ({ELU}s)},
  author={Clevert, Djork-Arn{\'e} and Unterthiner, Thomas and Hochreiter, Sepp},
  journal={arXiv preprint arXiv:1511.07289},
  year={2015}
}

@article{act_selu,
  title={Self-Normalizing Neural Networks},
  author={Klambauer, G{\"u}nter and Unterthiner, Thomas and Mayr, Andreas and Hochreiter, Sepp},
  journal={arXiv preprint arXiv:1706.02515},
  year={2017}
}

@inproceedings{init_glorot,
author = {Xavier Glorot and Yoshua Bengio},
title = {Understanding the difficulty of training deep feedforward neural networks},
year = {2010},
organization = {AISTATS},
}

@InBook{init_lecun,
author = {Yann A. LeCun, L{\'e}on Bottou, Genevieve B. Orr, Klaus-Robert M{\"u}ller},
editor = {Springer},
title = {Neural Networks: Tricks of the Trade},
chapter = {3},
publisher = {Springer},
year = {2012}
}

